<record><leader>00000cas a2200000 a 4500</leader><controlfield tag="001">13041898</controlfield><controlfield tag="008">860121d18801897cauwr ne      0    0eng d</controlfield><datafield ind1=" " ind2=" " tag="010"><subfield code="a">sn 86064446 </subfield></datafield><datafield ind1=" " ind2=" " tag="040"><subfield code="a">KSH</subfield><subfield code="b">eng</subfield><subfield code="c">KSH</subfield><subfield code="d">NPT</subfield><subfield code="d">CNK</subfield><subfield code="d">OCL</subfield><subfield code="d">OCLCQ</subfield><subfield code="d">CRU</subfield><subfield code="d">OCLCQ</subfield><subfield code="d">OCLCF</subfield><subfield code="d">OCLCO</subfield></datafield><datafield ind1="1" ind2=" " tag="029"><subfield code="a">AU@</subfield><subfield code="b">000022170313</subfield></datafield><datafield ind1=" " ind2=" " tag="042"><subfield code="a">msc</subfield></datafield><datafield ind1=" " ind2=" " tag="043"><subfield code="a">n-us-ca</subfield></datafield><datafield ind1="1" ind2="4" tag="050"><subfield code="a">AN1.C36</subfield><subfield code="b">P75</subfield></datafield><datafield ind1="0" ind2=" " tag="130"><subfield code="a">Press and horticulturist (Riverside, Calif. : 1880)</subfield></datafield><datafield ind1="1" ind2="0" tag="245"><subfield code="a">Press and horticulturist.</subfield></datafield><datafield ind1=" " ind2=" " tag="260"><subfield code="a">Riverside, Calif. :</subfield><subfield code="b">Press Pub. Co.</subfield></datafield><datafield ind1=" " ind2=" " tag="300"><subfield code="a">v. ;</subfield><subfield code="c">72 cm.</subfield></datafield><datafield ind1=" " ind2=" " tag="310"><subfield code="a">Weekly</subfield></datafield><datafield ind1="0" ind2=" " tag="362"><subfield code="a">Vol. 2, no. 32 (Jan. 31, 1880)-v. 20, no. 22 (May 29, 1897).</subfield></datafield><datafield ind1=" " ind2=" " tag="580"><subfield code="a">Other eds. also available: Press and horticulturist (Riverside, Calif. : 1885), &lt;June 13, 1885-June 8, 1886&gt;, and: Riverside daily press, &lt;June 10, 1886&gt;-May 29, 1897.</subfield></datafield><datafield ind1=" " ind2="0" tag="651"><subfield code="a">Riverside (Calif.)</subfield><subfield code="v">Newspapers.</subfield></datafield><datafield ind1=" " ind2="7" tag="655"><subfield code="a">Newspapers.</subfield><subfield code="2">fast</subfield><subfield code="0">(OCoLC)fst01423814</subfield></datafield><datafield ind1=" " ind2="7" tag="651"><subfield code="a">California</subfield><subfield code="z">Riverside.</subfield><subfield code="2">fast</subfield><subfield code="0">(OCoLC)fst01213640</subfield></datafield><datafield ind1=" " ind2=" " tag="752"><subfield code="a">United States</subfield><subfield code="b">California</subfield><subfield code="c">Riverside</subfield><subfield code="d">Riverside.</subfield></datafield><datafield ind1="1" ind2=" " tag="775"><subfield code="t">Press and horticulturist (Riverside, Calif. : 1885)</subfield><subfield code="w">(DLC)sn 92069902</subfield></datafield><datafield ind1="1" ind2=" " tag="775"><subfield code="t">Riverside daily press</subfield><subfield code="w">(DLC)sn 85066506</subfield></datafield><datafield ind1="0" ind2="0" tag="780"><subfield code="t">Riverside press (Riverside, Calif.)</subfield><subfield code="w">(DLC)sn 92070105</subfield></datafield><datafield ind1="0" ind2="7" tag="785"><subfield code="t">Riverside County reflex</subfield><subfield code="w">(DLC)sn 85066510</subfield></datafield><datafield ind1="0" ind2="7" tag="785"><subfield code="t">Press and horticulturist and Riverside County reflex</subfield><subfield code="w">(DLC)sn 92070107</subfield></datafield></record>